@comment{This file has been generated by Pybliographer}


@Misc{mlagents,
  Author         = {Unity},
  Title          = {ML Agents Documentation},
  HowPublished   = {https://github.com/Unity-Technologies/ml-agents},
  Note           = {Accessed: 2019-11-22}
}

@Misc{ppopolicy,
  Author         = {OpenAI},
  Title          = {Proximal Policy Optimization},
  HowPublished   = {https://openai.com/blog/openai-baselines-ppo},
  Note           = {Accessed: 2020-04-25}
}

@Book{livingstone,
  Author         = {Livingstone, D.},
  Title          = {Turing's test and believable AI in games.},
  Publisher      = {Computers in Entertainment (CIE), 4(1), 6.
},
  year           = 2006
}
@Book{nakano,
  Author         = {Nakano A., Tanaka A., Hoshino J.},
  Title          = {Imitating the Behavior of Human Players in Action Games.},
  Publisher      = {ICEC 2006. Lecture Notes in Computer Science, vol 4161. Springer, Berlin, Heidelberg
},
  year           = 2006
}

@Misc{sacpolicy,
  Author         = {Berkeley Artificial Intelligence Research},
  Title          = {Soft Actor Criticâ€”Deep Reinforcement Learning with Real-World Robots},
  HowPublished   = {https://bair.berkeley.edu/blog/2018/12/14/sac/},
  Note           = {Accessed: 2020-05-07}
}

@Misc{xor,
  Author         = {Jayesh Bapu Ahire},
  Title          = {The XOR Problem in Neural Networks.},
  HowPublished   = {https://medium.com/jayeshbahire/the-xor-problem-in-neural-networks-50006411840b/},
  Note           = {Accessed: 2020-06-14}
}

@misc{radford2015unsupervised,
    title={Unsupervised Representation Learning with Deep Convolutional Generative Adversarial Networks},
    author={Alec Radford and Luke Metz and Soumith Chintala},
    year={2015},
    eprint={1511.06434},
    archivePrefix={arXiv},
    primaryClass={cs.LG}
}

@ARTICLE{clasnn,  
    author={G. P. {Zhang}},
		journal={IEEE Transactions on Systems, Man, and Cybernetics, Part C (Applications and Reviews)},   
		title={Neural networks for classification: a survey},   
		year={2000},  
		volume={30},  
		number={4},  
		pages={451-462}
}

@misc{zaremba2014recurrent,
    title={Recurrent Neural Network Regularization},
    author={Wojciech Zaremba and Ilya Sutskever and Oriol Vinyals},
    year={2014},
    eprint={1409.2329},
    archivePrefix={arXiv},
    primaryClass={cs.NE}
}

@Inbook{Sammut2010,
author="Sammut, Caude",
title="Behavioral Cloning",
bookTitle="Encyclopedia of Machine Learning",
year="2010",
publisher="Springer US",
address="Boston, MA",
pages="93--97",
isbn="978-0-387-30164-8",
doi="10.1007/978-0-387-30164-8_69",
url="https://doi.org/10.1007/978-0-387-30164-8_69"
}
